% Rittel, H., and Webber, M. M. (1973) Dilemmas in a general theory of planning. Policy Sciences 4, 155–69. (Reprinted in N. Cross, ed. Developments in design methodology, pp. 135–44. Chichester: J. Wiley & Sons, 1984).
@article{Ritel-dilemmas73,
  title={Dilemmas in a general theory of planning},
  author={Rittel, Horst WJ and Webber, Melvin M},
  journal={Policy sciences},
  volume={4},
  number={2},
  pages={155--169},
  year={1973},
  publisher={Springer},
  note = {Reprinted in N. Cross, ed. Developments in design methodology, pp. 135–44. Chichester: J. Wiley & Sons, 1984}
}

%Summers, T., Mackie, E., Ueno, R., Simpson, C., Hosking, J. S., Suciu, T., Coburn, A., & et al. (2022) Localised impacts and economic implications from high temperature disruption days under climate change. Climate Resilience and Sustainability https://doi.org/10.1002/cli2.35 

%Beer, C., Reichstein, M., Tomelleri, E., Ciais, P., Jung, M., Carvalhais, N., Rodenbeck, C., Arain, M.A., Baldocchi, D., Bonan, G.B., Bondeau, A., Cescatti, A., Lasslop, G., Lindroth, A., Lomas, M., Luyssaert, S., Margolis, H., Oleson, K.W., Roupsard, O., Veenendaal, E., Viovy, N., Williams, C., Woodward, F.I., Papale, D.  (2010) Terrestrial gross carbon dioxide uptake: global distribution and covariation with climate, Science, 329 (5993) (2010), pp. 834-838, DOI: 10.1126/science.1184984

%Requena-Mesa, C., Reichstein, M., Mahecha, M., Kraft, B., Denzler, J. (2019). Predicting Landscapes from Environmental Conditions Using Generative Networks. In: Fink, G., Frintrop, S., Jiang, X. (eds) Pattern Recognition. DAGM GCPR 2019. Lecture Notes in Computer Science(), vol 11824. Springer, Cham. https://doi.org/10.1007/978-3-030-33676-9_14

%IPCC (2019) IPCC Special Report on the Ocean and Cryosphere in a Changing Climate [H.-O. Pörtner, D.C. Roberts, V. Masson-Delmotte, P. Zhai, M. Tignor, E. Poloczanska, K. Mintenbeck, A. Alegría, M. Nicolai, A. Okem, J. Petzold, B. Rama, N.M. Weyer (eds.)]. Cambridge University Press, Cambridge, UK and New York, NY, USA, pp. 3–35. https://doi.org/10.1017/9781009157964.001.https://www.ipcc.ch/srocc/ 

%NASA, Understanding sea level, available from: https://sealevel.nasa.gov/understanding-sea-level/global-sea-level/ice-melt 

%Machuve D, Nwankwo E, Mduma N, Mbelwa J. (2022) Poultry diseases diagnostics models using deep learning. Front Artif Intell. 5, 733345. doi: 10.3389/frai.2022.733345. Erratum in: Front Artif Intell. 2022 Sep 01;5:1016695. PMID: 35978651; PMCID: PMC9376463.

%Ritchie, H. and Roser, M. (2021) - "Forests and Deforestation". Published online at OurWorldInData.org, https://ourworldindata.org/forests-and-deforestation 

%Brandt, M., Tucker, C.J., Kariryaa, A. et al. (2020) An unexpectedly large count of trees in the West African Sahara and Sahel. Nature 587, 78–82. https://doi.org/10.1038/s41586-020-2824-5

%Hiernaux, P. and Issoufou, B.H., Igel, C., Kariryaa, A., Kourouma, M., Chave, J., Mougin, E. and Savadogo, P. (2023) Allometric Equations to Estimate the Dry Mass of Sahel Woody Plants from Very-High Resolution Satellite Imagery. Forest Ecology and Management, 529, https://doi.org/10.1016/j.foreco.2022.120653 

%Hernandez-Triana, L. and Bell, S. (2022) Taking the sting out of vector borne diseases, APHA Science Blog, available at: https://aphascience.blog.gov.uk/2022/07/06/vector-borne-diseases/ 

%Quinn, J. (2021) Mapping Africa’s Buildings with Satellite Imagery, Google Research Blog, available at:  https://ai.googleblog.com/2021/07/mapping-africas-buildings-with.html 

%Lindsay, S.W., Jawara, M., Mwesigwa, J., Achan, J., Bayoh, N., Bradley, J., Kandeh, B., Kirby, M.J., Knudsen, J., Macdonald, M., Pinder, M., Tusting, L.S., Weiss, D.J., Wilson, A.L. and D’Alessandro, U. (2019) Reduced mosquito survival in metal-roof houses may contribute to a decline in malaria transmission in sub-Saharan Africa. Scientific Reports 9,  7770, https://doi.org/10.1038/s41598-019-43816-0 

%Royal Danish Academy (2022) New research to combat malaria mosquitoes in African metropolises, available at: https://royaldanishacademy.com/news/ny-forskning-skal-bekaempe-malariamyg-i-afrikanske-storbyer 

%NASA, Dark Energy, Dark Matter, available at: https://science.nasa.gov/astrophysics/focus-areas/what-is-dark-energy 

%Aad, G., Abat, E., Abdallah, J., Abdelalim, A. A., Abdesselam, A., Abdinov, O., Abi, B. A., Abolins, M., Abramowicz, H., Acerbi, E., Acharya, B. S., Achenbach, R., Ackers, M., Adams, D. L., Adamyan, F., Addy, T. N., Aderholz, M., Adorisio, C., Adragna, P., ... Zychacek, V. (2008). The ATLAS Experiment at the CERN Large Hadron Collider. Journal of Instrumentation, 3(S08003). https://doi.org/10.1088/1748-0221/3/08/S08003

%Mishra-Sharma, S. and Yang, G. (2022) Strong Lensing Source Reconstruction Using Continuous Neural Fields, arXiv:2206.14820 [astro-ph.CO], https://doi.org/10.48550/arXiv.2206.14820 

%Dvorkin, C., Mishra-Sharma, S., Nord, B., Villar, V. A., Avestruz, C., Bechtol, K., Ćiprijanović, A., Connolly, A. J., Garrison, L. H., Narayan, G. and Villaescusa-Navarro, F. (2022) Machine learning and cosmology, arXiv:2203.08056 [hep-ph], https://doi.org/10.48550/arXiv.2203.08056 

%Examples of agent-based models for crowd simulation include: Makinoshima, F., Oishi, Y. (2022) Crowd flow forecasting via agent-based simulations with sequential latent parameter estimation from aggregate observation. Sci Rep 12, 11168. https://doi.org/10.1038/s41598-022-14646-4 and Malleson, N., Minors, K., Kieu, L., Ward, J. A., West, A. and Heppenstall, A (2020) Simulating Crowds in Real Time with Agent-Based Modelling and a Particle Filter, Journal of Artificial Societies and Social Simulation 23 (3) 3 <http://jasss.soc.surrey.ac.uk/23/3/3.html>. doi: 10.18564/jasss.4266

%Vargas, F., Thodoroff, P., Lawrence, N.D. and Lamacraft, A. (2021) Solving Schrödinger Bridges via Maximum Likelihood, arXiv:2106.02081 [stat.ML], https://doi.org/10.48550/arXiv.2106.02081 

%Krishnamurthy, K.V., Bahadur, B., John Adams, S., Venkatasubramanian, P. (2015). Development and Organization of Cell Types and Tissues. In: Bahadur, B., Venkat Rajam, M., Sahijram, L., Krishnamurthy, K. (eds) Plant Biology and Biotechnology. Springer, New Delhi. https://doi.org/10.1007/978-81-322-2286-6_3 

%Haghverdi, L., Büttner, M., Wolf, F. et al. (2016) Diffusion pseudotime robustly reconstructs lineage branching. Nat Methods 13, 845–848. https://doi.org/10.1038/nmeth.3971 

%Böttcher A, Büttner M, Tritschler S, Sterr M, Aliluev A, Oppenländer L, Burtscher I, Sass S, Irmler M, Beckers J, Ziegenhain C, Enard W, Schamberger AC, Verhamme FM, Eickelberg O, Theis FJ, Lickert H. Non-canonical Wnt/PCP signalling regulates intestinal stem cell lineage priming towards enteroendocrine and Paneth cell fates. Nat Cell Biol. 2021 Jan;23(1):23-31. doi: 10.1038/s41556-020-00617-2. Epub 2021 Jan 4. Erratum in: Nat Cell Biol. 2021 May;23(5):566-576. PMID: 33398177. https://doi.org/10.1038/s41556-020-00617-2 

%Luecken, M.D., Büttner, M., Chaichoompu, K. et al. Benchmarking atlas-level data integration in single-cell genomics. Nat Methods 19, 41–50 (2022). https://doi.org/10.1038/s41592-021-01336-8 

%Gonçalves, P., Lueckmann, J.M., Deistler, M., Nonnenmacher, M., Öcal, K., Bassetto, G., Chintaluri, C., Podlaski,W.F., Haddad, S.A., Vogels, T.P., Greenberg, D., and Macke, J.H. (2020) Training deep neural density estimators to identify mechanistic models of neural dynamics eLife 9:e56261 https://doi.org/10.7554/eLife.56261 

%Blei, D.M. (2014) Build, Compute, Critique, Repeat: Data Analysis with Latent Variable Models, Annual Review of Statistics and Its Application, Vol. 1:203-232, https://doi.org/10.1146/annurev-statistics-022513-115657 
@article{Blei-build2014,
  title={Build, Compute, Critique, Repeat: Data Analysis with Latent Variable Models},
  author={Blei, David M.},
  journal={Annual Review of Statistics and Its Application},
  volume={1},
  pages={203--232},
  year={2014},
  publisher={Annual Reviews},
  doi={10.1146/annurev-statistics-022513-115657},
  url={https://doi.org/10.1146/annurev-statistics-022513-115657}
}
%Cranmer, K., Brehmer, J., Louppe, G. (2019) The frontier of simulation-based inference, arXiv:1911.01429 [stat.ML], https://doi.org/10.1073/pnas.1912789117 
@article{Cranmer-frontier2020,
  title={The Frontier of Simulation-Based Inference},
  author={Cranmer, Kyle and Brehmer, Johann and Louppe, Gilles},
  journal={Proceedings of the National Academy of Sciences},
  volume={117},
  number={48},
  pages={30055--30062},
  year={2020},
  publisher={National Academy of Sciences},
  arxiv = {1911.01429},
  doi = {10.1073/pnas.1912789117}
}
%Hennig, P., Osborne, M.A. and Kersting, H. (2022). Probabilistic Numerics - Computation as Machine Learning. Cambridge University Press
@Book{Hennig-probabilistic2022,
  title={Probabilistic Numerics: Computation as Machine Learning},
  author={Hennig, Philipp and Osborne, Michael A. and Kersting, Hans P.},
  year={2022},
  publisher={Cambridge University Press}
}
%Hermans, J., Delaunoy, A., Rozet, F., Wehenkel, A. and Louppe, G. (2021), Averting A Crisis In Simulation-Based Inference, arXiv:2110.06581 [stat.ML], https://doi.org/10.48550/arXiv.2110.06581 

%Ibid. 

%Alsing, J., Charnock, T., Feeney, S. and Wandelt, B. (2019) Fast likelihood-free cosmology with neural density estimators and active learning, arXiv:1903.00007 [astro-ph.CO], https://doi.org/10.48550/arXiv.1903.00007 

%See above, and Lavin, A., Zenil, H., Paige, B., Krakauer, D., Gottschlich, J., Mattson, T., Anandkumer, A., Choudry, S., Rocki, K., Baydin, A.G., Prunkl, C., Paige, B., Isayev, O., Peterson, E., McMahon, P.L., Macke, J., Cranmer, K., Zhang, J., Wainwright, H., Hanuka, A., Veloso, M., Assefra, S., Zheng, S., and Pfeffer, A. (2021)  Simulation Intelligence: Towards a New Generation of Scientific Methods, arXiv:2112.03235 [cs.AI],  https://doi.org/10.48550/arXiv.2112.03235 

%See, for example, Cranmer, K., Heinrich, L., Head, T. and Louppe, G. Active sciencing, at:  https://github.com/cranmer/active_sciencing

%Boelts, J., Lueckmann, J.M., Gao, R., and Macke, J.H. (2022) Flexible and efficient simulation-based inference for models of decision-making eLife 11:e77220 https://doi.org/10.7554/eLife.77220 

%Kersting, H. (2021) Uncertainty-aware numerical solutions of ODE’s by Bayesian Filtering, available at: https://hanskersting.github.io/publication/phd-thesis/ 

%See, for example, the previous Dagstuhl meeting on this topic:  https://www.probabilistic-numerics.org/meetings/2021_Dagstuhl/ and Schmidt, J., Kramer, N. and Hennig, P. (2021) A Probabilistic State Space Model for Joint Inference from Differential Equations and Data, arXiv:2103.10153 [stat.ML], https://doi.org/10.48550/arXiv.2103.10153 

%Hermans, J., Delaunoy, A., Rozet, F., Wehenkel, A. and Louppe, G. (2021), Averting A Crisis In Simulation-Based Inference, arXiv:2110.06581 [stat.ML], https://doi.org/10.48550/arXiv.2110.06581 and Mishra-Sharma, S. (2021) Inferring dark matter substructure with astrometric lensing beyond the power spectrum, arXiv:2110.01620 [astro-ph.CO], https://doi.org/10.48550/arXiv.2110.01620

%Delaunoy, A., Hermans, J., Rozet, F., Wehenkel, A. and Louppe, G. (2022) Towards Reliable Simulation-Based Inference with Balanced Neural Ratio Estimation, arXiv:2208.13624 [stat.ML], https://doi.org/10.48550/arXiv.2208.13624 

%Wehenkel, A., Behrmann, J., Hsu, H., Sapiro, G., Louppe, G., and Jacobsen, J.H. (2022) Robust Hybrid Learning With Expert Augmentation, arXiv:2202.03881 [cs.LG], https://doi.org/10.48550/arXiv.2202.03881

%Cannon, P., Ward, D. and Schmon, S.M. (2022) Investigating the Impact of Model Misspecification in Neural Simulation-based Inference, arXiv:2209.01845 [stat.ML], https://doi.org/10.48550/arXiv.2209.01845 

%For example: European Commission (2022) Destination Earth – new digital twin of the Earth will help tackle climate change and protect nature, available at:  https://ec.europa.eu/commission/presscorner/detail/en/IP_22_1977

%Schölkopf, B., Locatello, F., Bauer, S., Ke, N.R., Kalchbrenner, N., Goyal, A., and Bengio, Y. (2021) Towards Causal Representation Learning, arXiv:2102.11107 [cs.LG], https://doi.org/10.48550/arXiv.2102.11107

%Rueckel, J., Trappmann, L., Schachtner, B., Wesp, P., Hoppe, B.F., Fink, N., Ricke, J., Dinkel, J., Ingrisch, M., and Sabel, B.O. (2020) Impact of Confounding Thoracic Tubes and Pleural Dehiscence Extent on Artificial Intelligence Pneumothorax Detection in Chest Radiographs. Invest Radiol. 2020 Dec;55(12):792-798. doi: 10.1097/RLI.0000000000000707. PMID: 32694453. https://pubmed.ncbi.nlm.nih.gov/32694453/ 

%Emspak, J. (2016) How a machine learns prejudice, Scientific American Blogs, available at: https://www.scientificamerican.com/article/how-a-machine-learns-prejudice/ 

%Schölkopf, B. (2019) Causality for machine learning, arXiv:1911.10500 [cs.LG], https://doi.org/10.1145/3501714.3501755

%Peters, J., Janzing, D. and Schölkopf, B. (2017) Elements of causal inference: foundations and learning algorithms, MIT Press, Cambridge, MA, ISBN 9780262037310

%For reference, see the table on page 11 of reference 69. 

%Such tools may have particular relevance in policy. For example: Mastakouri, A.A. and Schölkopf, B. (2020) Causal analysis of Covid-19 spread in Germany, arXiv:2007.11896 [stat.AP], https://doi.org/10.48550/arXiv.2007.11896 

%Schölkopf, B. (2019) Causality for machine learning, arXiv:1911.10500 [cs.LG], https://doi.org/10.1145/3501714.3501755 

%Guo, S., Tóth, V., Schölkopf, B. and Huszár, F. (2022) Causal de Finetti: On the Identification of Invariant Causal Structure in Exchangeable Data, arXiv:2203.15756 [stat.ML], https://doi.org/10.48550/arXiv.2203.15756

%Aliee, H., Theis, F. J. and Kilbertus, N. (2021) Beyond Predictions in Neural ODEs: Identification and Interventions, arXiv:2106.12430 [cs.LG], https://doi.org/10.48550/arXiv.2106.12430 

%Padh, K., Zeitler, J., Watson, D., Kusner, M., Silva, R., and Kilbertus, N. (2022) Stochastic Causal Programming for Bounding Treatment Effects, arXiv:2202.10806 [stat.ML], https://doi.org/10.48550/arXiv.2202.10806 

%Jakobsen, M. E., and Peters, J. (2020) Distributional robustness of K-class estimators and the PULSE, arXiv:2005.03353 [econ.EM], https://doi.org/10.48550/arXiv.2005.03353 
  
%Including syntactic, semantic, and pragmatic elements: Stadler, M. & Kruse, P. (1990) Über Wirklichkeitskrite- rien. In: Riegas, V. & Vetter, C. (eds.) Zur Biologie der Kognition. Frankfurt a. M.: Suhrkamp

%The Royal Society (2018) AI narratives: portrayals and perceptions of artificial intelligence and why they matter, available at:  https://royalsociety.org/topics-policy/projects/ai-narratives/ 

%Paleyes, A., Urma, R.G. and Lawrence, N.D. (2022) Challenges in Deploying Machine Learning: A Survey of Case Studies, ACM Computing Surveys,  https://doi.org/10.1145/3533378

%Villar, S., Hogg, D.W., Storey-Fisher, K., Yao, W. and Blum-Smith, B. (2021) Scalars are universal: Equivariant machine learning, structured like classical physics, arXiv:2106.06610 [cs.LG], https://doi.org/10.48550/arXiv.2106.06610 and 

%Villar, S., Yao, W., Hogg, D.W., Blum-Smith, B. and Dumitrascu, B. (2022) Dimensionless machine learning: Imposing exact units equivariance, arXiv:2204.00887 [stat.ML], https://doi.org/10.48550/arXiv.2204.00887 

%Ling, J., Jones, R. E., and Templeton, J.A. (2016) Machine learning strategies for systems with invariance properties. United States. https://doi.org/10.1016/j.jcp.2016.05.003 

%Klami, A., Damoulas, T., Engkvist, O., Rinke, P., Kaski, S. (2022): Virtual Laboratories: Transforming research with AI. TechRxiv. Preprint. https://doi.org/10.36227/techrxiv.20412540.v1 

%Celikok, M.M., Oliehoek, F.A., Kaski, S. (2022) Best-Response Bayesian Reinforcement Learning with Bayes-Adaptive POMDPs for Centaurs, arXiv:2204.01160 [cs.AI], https://doi.org/10.48550/arXiv.2204.01160

%NASA, What is a gravitational wave? Available at: https://spaceplace.nasa.gov/gravitational-waves/en/ 

%See, for example, the LIGO project. Information available at: https://www.ligo.caltech.edu 

%Dax, M., Green, S.R., Gair, J., Macke, J.H., Buonanno, A. and Schölkopf, B. (2021) Phys. Rev. Lett. 127, 241103, https://link.aps.org/doi/10.1103/PhysRevLett.127.241103
  
%Ibid. 

%Bodin, E., Dai, Z., Campbell, N.D.F. and Ek, C.H. (2020), Black-box density function estimation using recursive partitioning, arXiv:2010.13632 [stat.ML], https://doi.org/10.48550/arXiv.2010.13632

%See, for example: https://lscsoft.docs.ligo.org/bilby/ 

%Villar, S., Yao, W., Hogg, D.W., Blum-Smith, B. and Dumitrascu, B. (2022) Dimensionless machine learning: Imposing exact units equivariance, arXiv:2204.00887 [stat.ML], https://doi.org/10.48550/arXiv.2204.00887 

%Ward, W.O.C., Ryder, T., Prangle, D. and Álvarez, M.A. (2019) Black-Box Inference for Non-Linear Latent Force Models, arXiv:1906.09199 [stat.ML], https://doi.org/10.48550/arXiv.1906.09199

%See, for example: Kondor, R. and Trivedi, S. (2018), On the Generalization of Equivariance and Convolution in Neural Networks to the Action of Compact Groups, arXiv:1802.03690 [stat.ML], https://doi.org/10.48550/arXiv.1802.03690; 

%Maron, H., Ben-Hamu, H., and Shamir, N. and Lipman, Y. (2019) Invariant and Equivariant Graph Networks, arXiv:1812.09902 [cs.LG], https://doi.org/10.48550/arXiv.1812.09902; Dym, N. and Maron, H. (2020) On the Universality of Rotation Equivariant Point Cloud Networks, arXiv:2010.02449 [cs.LG],  https://doi.org/10.48550/arXiv.2010.02449

%Sundin, I., Peltola, T., Micallef, L., Afrabandpey, H., Soare, M., Majumder, M.M., Daee, P., He, C., Serim, B., Havulinna, A., Heckman, C., Jacucci, G., Marttinen, P., Kaski, S. (2018) Improving genomics-based predictions for precision medicine through active elicitation of expert knowledge, Bioinformatics, Volume 34, Issue 13, 01 July 2018, Pages i395–i403, https://doi.org/10.1093/bioinformatics/bty257

%Kangasrääsiö, A., Jokinen, J.P.P., Oulasvirta, A., Howes, A. and Kaski, S. (2019), Parameter Inference for Computational Cognitive Models with Approximate Bayesian Computation. Cogn Sci, 43: e12738. https://doi.org/10.1111/cogs.12738

%De Peuter, S., Oulasvirta, A. and Kaski, S. (2021) Toward AI Assistants That Let Designers Design, arXiv:2107.13074 [cs.HC], https://doi.org/10.48550/arXiv.2107.13074 

%Bridle, S., Balan, S.T., Bethge, M., Gentile, M., Harmeling, S., Heymans, C., Hirsch, M., Hosseini, R., Jarvis, M., Kirk, D., Kitching, T., Kuijken, K., Lewis, A., Paulin-Henriksson, S., Schölkopf, B., Velander, M., Voigt, L., Witherick, D., Amara, A., Bernstein, G., Courbin, F., Gill, M., Heavens, A., Mandelbaum, R., Massey, R., Moghaddam, B., Rassat, A., Réfrégier, A., Rhodes, J., Schrabback, T., Shawe-Taylor, J., Shmakova, M., van Waerbeke, L., Wittman, D. (2010) Results of the GREAT08 Challenge: an image analysis competition for cosmological lensing, Monthly Notices of the Royal Astronomical Society, Volume 405, Issue 3, July 2010, Pages 2044–2061, https://doi.org/10.1111/j.1365-2966.2010.16598.x

%For further information, see: https://openproblems.bio/neurips_2021/

%For further information, see: https://sensorium2022.net/home

%Schmidt Futures (2022) Schmidt Futures Launches $148M Global Initiative to Accelerate AI Use in Postdoctoral Research, available at: https://www.schmidtfutures.com/schmidt-futures-launches-148m-global-initiative-to-accelerate-ai-use-in-postdoctoral-research/

  

  